<record><leader>00000cas a2200000 a 4500</leader><controlfield tag="001">30337710</controlfield><controlfield tag="008">940427d19321948cauwr ne      0    0eng c</controlfield><datafield ind1=" " ind2=" " tag="010"><subfield code="a">sn 94051081 </subfield></datafield><datafield ind1=" " ind2=" " tag="040"><subfield code="a">CNK</subfield><subfield code="b">eng</subfield><subfield code="c">CNK</subfield><subfield code="d">OCLCQ</subfield><subfield code="d">CNK</subfield><subfield code="d">OCLCQ</subfield><subfield code="d">OCLCF</subfield><subfield code="d">OCLCO</subfield></datafield><datafield ind1="1" ind2=" " tag="029"><subfield code="a">AU@</subfield><subfield code="b">000025859191</subfield></datafield><datafield ind1=" " ind2=" " tag="042"><subfield code="a">pcc</subfield></datafield><datafield ind1=" " ind2=" " tag="043"><subfield code="a">n-us-ca</subfield></datafield><datafield ind1="0" ind2="4" tag="245"><subfield code="a">The Glendora press and gleaner.</subfield></datafield><datafield ind1="1" ind2=" " tag="246"><subfield code="i">Published as:</subfield><subfield code="a">Glendora press-gleaner</subfield><subfield code="f">Dec. 4, 1936-&lt;Dec. 21, 1945&gt;</subfield></datafield><datafield ind1="3" ind2=" " tag="246"><subfield code="a">Press-gleaner</subfield></datafield><datafield ind1="1" ind2="3" tag="246"><subfield code="a">Glendora press</subfield><subfield code="f">Dec. 9, 1932 and Sept. 28-Nov. 30, 1934</subfield></datafield><datafield ind1=" " ind2=" " tag="260"><subfield code="a">Glendora, Calif. :</subfield><subfield code="b">Dana &amp; Harris</subfield></datafield><datafield ind1=" " ind2=" " tag="300"><subfield code="a">v.</subfield></datafield><datafield ind1=" " ind2=" " tag="310"><subfield code="a">Weekly,</subfield><subfield code="b">Nov. 27, 1947-Nov. 26, 1948</subfield></datafield><datafield ind1=" " ind2=" " tag="321"><subfield code="a">Weekly,</subfield><subfield code="b">Dec. 9, 1932-Nov. 29, 1946</subfield></datafield><datafield ind1=" " ind2=" " tag="321"><subfield code="a">Semiweekly,</subfield><subfield code="b">Dec. 6, 1946-Nov. 21, 1947</subfield></datafield><datafield ind1="0" ind2=" " tag="362"><subfield code="a">Vol. 28, no. 39 (Dec. 9, 1932)-v. 43, no. 122 (Nov. 26, 1948).</subfield></datafield><datafield ind1=" " ind2=" " tag="500"><subfield code="a">"And Gleaner" appears in small print below "Glendora Press," Dec. 9, 1932-Nov. 27, 1936; "The Glendora" appears in small print above "Press-Gleaner," Dec. 4, 1936-&lt;Dec. 21, 1945&gt;; "Glendora" appears in small print above "Press" and "and Gleaner" appears in small print below "Press," &lt;Aug. 23, 1946&gt;-Nov. 26, 1948; "Semiweekly" appears in small print above right of "Press," Dec. 6, 1946-Nov. 21, 1947.</subfield></datafield><datafield ind1=" " ind2=" " tag="530"><subfield code="a">Master negatives are available for duplication from:</subfield><subfield code="b">California Newspaper Microfilm Archive;</subfield><subfield code="c">positive copies may be purchased by the reel; for further information consult the CNMA at:</subfield><subfield code="u">http://cbsr.ucr.edu</subfield></datafield><datafield ind1=" " ind2="0" tag="651"><subfield code="a">Glendora (Calif.)</subfield><subfield code="v">Newspapers.</subfield></datafield><datafield ind1=" " ind2="0" tag="651"><subfield code="a">San Gabriel River Valley (Calif.)</subfield><subfield code="v">Newspapers.</subfield></datafield><datafield ind1=" " ind2="7" tag="655"><subfield code="a">Newspapers.</subfield><subfield code="2">fast</subfield><subfield code="0">(OCoLC)fst01423814</subfield></datafield><datafield ind1=" " ind2="7" tag="651"><subfield code="a">California</subfield><subfield code="z">Glendora.</subfield><subfield code="2">fast</subfield><subfield code="0">(OCoLC)fst01217484</subfield></datafield><datafield ind1=" " ind2="7" tag="651"><subfield code="a">California</subfield><subfield code="z">San Gabriel River Valley.</subfield><subfield code="2">fast</subfield><subfield code="0">(OCoLC)fst01275269</subfield></datafield><datafield ind1=" " ind2=" " tag="752"><subfield code="a">United States</subfield><subfield code="b">California</subfield><subfield code="c">Los Angeles</subfield><subfield code="d">Glendora.</subfield></datafield><datafield ind1="0" ind2="4" tag="780"><subfield code="t">Glendora gleaner</subfield><subfield code="w">(DLC)sn 95068905</subfield></datafield><datafield ind1="0" ind2="4" tag="780"><subfield code="t">Glendora press (Glendora, Calif. : 1926)</subfield><subfield code="w">(DLC)sn 97060478</subfield></datafield><datafield ind1="0" ind2="0" tag="785"><subfield code="t">Glendora press (Glendora, Calif. : 1948)</subfield><subfield code="w">(DLC)sn 97060479</subfield></datafield></record>